@book{Shewchuck,
  author = "John Shewchuck",
  Title = "An introduction to conjugate gradient method without the agonizing
  pain",
  YEAR = 1984,
}

@article{minguez-metricbased,
  title = "Benefits of the metric system",
  author = "Roger Minguez",
}

@article{RAZA2019254,
title = "In silico analysis of four structural proteins of aphthovirus serotypes revealed significant B and T cell epitopes",
journal = "Microbial Pathogenesis",
volume = "128",
pages = "254 - 262",
year = "2019",
issn = "0882-4010",
doi = "https://doi.org/10.1016/j.micpath.2019.01.007",
url = "http://www.sciencedirect.com/science/article/pii/S0882401018315080",
author = "Sohail Raza and Kalsoom Siddique and Masood Rabbani and Tahir Yaqub and Aftab Ahmad Anjum and Muhammad Ibrahim and Muhammad Azhar and Farrukh Jamil and Muhammad Asif Rasheed",
keywords = "Epitopes, FMD, Immunoinformatics, Vaccines",
}
